%YAML 1.1
%TAG !u! tag:unity3d.com,2011:
--- !u!29 &1
SceneSettings:
  m_ObjectHideFlags: 0
  m_PVSData: 
  m_PVSObjectsArray: []
  m_PVSPortalsArray: []
  m_OcclusionBakeSettings:
    smallestOccluder: 5
    smallestHole: .25
    backfaceThreshold: 100
--- !u!104 &2
RenderSettings:
  m_Fog: 0
  m_FogColor: {r: .5, g: .5, b: .5, a: 1}
  m_FogMode: 3
  m_FogDensity: .00999999978
  m_LinearFogStart: 0
  m_LinearFogEnd: 300
  m_AmbientLight: {r: .200000003, g: .200000003, b: .200000003, a: 1}
  m_SkyboxMaterial: {fileID: 0}
  m_HaloStrength: .5
  m_FlareStrength: 1
  m_FlareFadeSpeed: 3
  m_HaloTexture: {fileID: 0}
  m_SpotCookie: {fileID: 0}
  m_ObjectHideFlags: 0
--- !u!127 &3
LevelGameManager:
  m_ObjectHideFlags: 0
--- !u!157 &4
LightmapSettings:
  m_ObjectHideFlags: 0
  m_LightProbes: {fileID: 0}
  m_Lightmaps: []
  m_LightmapsMode: 1
  m_BakedColorSpace: 0
  m_UseDualLightmapsInForward: 0
  m_LightmapEditorSettings:
    m_Resolution: 50
    m_LastUsedResolution: 0
    m_TextureWidth: 1024
    m_TextureHeight: 1024
    m_BounceBoost: 1
    m_BounceIntensity: 1
    m_SkyLightColor: {r: .860000014, g: .930000007, b: 1, a: 1}
    m_SkyLightIntensity: 0
    m_Quality: 0
    m_Bounces: 1
    m_FinalGatherRays: 1000
    m_FinalGatherContrastThreshold: .0500000007
    m_FinalGatherGradientThreshold: 0
    m_FinalGatherInterpolationPoints: 15
    m_AOAmount: 0
    m_AOMaxDistance: .100000001
    m_AOContrast: 1
    m_LODSurfaceMappingDistance: 1
    m_Padding: 0
    m_TextureCompression: 0
    m_LockAtlas: 0
--- !u!196 &5
NavMeshSettings:
  m_ObjectHideFlags: 0
  m_BuildSettings:
    agentRadius: .5
    agentHeight: 2
    agentSlope: 45
    agentClimb: .400000006
    ledgeDropHeight: 0
    maxJumpAcrossDistance: 0
    accuratePlacement: 0
    minRegionArea: 2
    widthInaccuracy: 16.666666
    heightInaccuracy: 10
  m_NavMesh: {fileID: 0}
--- !u!1 &39012138
GameObject:
  m_ObjectHideFlags: 0
  m_PrefabParentObject: {fileID: 100000, guid: d3cd844334197453891836edf6b53641, type: 2}
  m_PrefabInternal: {fileID: 203686183}
  serializedVersion: 4
  m_Component:
  - 4: {fileID: 39012139}
  - 114: {fileID: 39012142}
  - 65: {fileID: 39012141}
  - 54: {fileID: 39012140}
  m_Layer: 0
  m_Name: TopEdge
  m_TagString: Untagged
  m_Icon: {fileID: 0}
  m_NavMeshLayer: 0
  m_StaticEditorFlags: 0
  m_IsActive: 1
--- !u!4 &39012139
Transform:
  m_ObjectHideFlags: 0
  m_PrefabParentObject: {fileID: 400000, guid: d3cd844334197453891836edf6b53641, type: 2}
  m_PrefabInternal: {fileID: 203686183}
  m_GameObject: {fileID: 39012138}
  m_LocalRotation: {x: 0, y: 0, z: 0, w: 1}
  m_LocalPosition: {x: 7.19999981, y: 6.09000349, z: -2.91038298e-13}
  m_LocalScale: {x: 1.37, y: 1, z: 1}
  m_Children: []
  m_Father: {fileID: 2053263996}
  m_RootOrder: 0
--- !u!54 &39012140
Rigidbody:
  m_ObjectHideFlags: 0
  m_PrefabParentObject: {fileID: 5400000, guid: d3cd844334197453891836edf6b53641,
    type: 2}
  m_PrefabInternal: {fileID: 203686183}
  m_GameObject: {fileID: 39012138}
  serializedVersion: 2
  m_Mass: 1
  m_Drag: 0
  m_AngularDrag: .0500000007
  m_UseGravity: 0
  m_IsKinematic: 0
  m_Interpolate: 0
  m_Constraints: 0
  m_CollisionDetection: 0
--- !u!65 &39012141
BoxCollider:
  m_ObjectHideFlags: 0
  m_PrefabParentObject: {fileID: 6500000, guid: d3cd844334197453891836edf6b53641,
    type: 2}
  m_PrefabInternal: {fileID: 203686183}
  m_GameObject: {fileID: 39012138}
  m_Material: {fileID: 0}
  m_IsTrigger: 1
  m_Enabled: 1
  serializedVersion: 2
  m_Size: {x: 15.9300003, y: 1, z: 100}
  m_Center: {x: .5, y: 0, z: 0}
--- !u!114 &39012142
MonoBehaviour:
  m_ObjectHideFlags: 0
  m_PrefabParentObject: {fileID: 11400000, guid: d3cd844334197453891836edf6b53641,
    type: 2}
  m_PrefabInternal: {fileID: 203686183}
  m_GameObject: {fileID: 39012138}
  m_Enabled: 1
  m_EditorHideFlags: 0
  m_Script: {fileID: 11500000, guid: 0059ab128c2414340a01ecef18b4c9b2, type: 3}
  m_Name: 
  m_EditorClassIdentifier: 
  edgeAxis: 2
  reapearNumber: -532.400024
--- !u!1 &112325309
GameObject:
  m_ObjectHideFlags: 0
  m_PrefabParentObject: {fileID: 100000, guid: 0acefb97c1ceb470a97893f93d4cc999, type: 2}
  m_PrefabInternal: {fileID: 122348156}
  serializedVersion: 4
  m_Component:
  - 4: {fileID: 112325310}
  m_Layer: 0
  m_Name: gameObjectSpawnPoint
  m_TagString: Respawn
  m_Icon: {fileID: 813524716, guid: 0000000000000000d000000000000000, type: 0}
  m_NavMeshLayer: 0
  m_StaticEditorFlags: 0
  m_IsActive: 1
--- !u!4 &112325310
Transform:
  m_ObjectHideFlags: 0
  m_PrefabParentObject: {fileID: 400000, guid: 0acefb97c1ceb470a97893f93d4cc999, type: 2}
  m_PrefabInternal: {fileID: 122348156}
  m_GameObject: {fileID: 112325309}
  m_LocalRotation: {x: 0, y: 0, z: 0, w: 1}
  m_LocalPosition: {x: -91.4172974, y: 575.606323, z: 412.706421}
  m_LocalScale: {x: 1, y: 1, z: 1}
  m_Children: []
  m_Father: {fileID: 1524038398}
  m_RootOrder: 3
--- !u!1001 &122348156
Prefab:
  m_ObjectHideFlags: 0
  serializedVersion: 2
  m_Modification:
    m_TransformParent: {fileID: 1524038398}
    m_Modifications:
    - target: {fileID: 400000, guid: 0acefb97c1ceb470a97893f93d4cc999, type: 2}
      propertyPath: m_LocalPosition.x
      value: -91.4172974
      objectReference: {fileID: 0}
    - target: {fileID: 400000, guid: 0acefb97c1ceb470a97893f93d4cc999, type: 2}
      propertyPath: m_LocalPosition.y
      value: 575.606323
      objectReference: {fileID: 0}
    - target: {fileID: 400000, guid: 0acefb97c1ceb470a97893f93d4cc999, type: 2}
      propertyPath: m_LocalPosition.z
      value: 412.706421
      objectReference: {fileID: 0}
    - target: {fileID: 400000, guid: 0acefb97c1ceb470a97893f93d4cc999, type: 2}
      propertyPath: m_LocalRotation.x
      value: 0
      objectReference: {fileID: 0}
    - target: {fileID: 400000, guid: 0acefb97c1ceb470a97893f93d4cc999, type: 2}
      propertyPath: m_LocalRotation.y
      value: 0
      objectReference: {fileID: 0}
    - target: {fileID: 400000, guid: 0acefb97c1ceb470a97893f93d4cc999, type: 2}
      propertyPath: m_LocalRotation.z
      value: 0
      objectReference: {fileID: 0}
    - target: {fileID: 400000, guid: 0acefb97c1ceb470a97893f93d4cc999, type: 2}
      propertyPath: m_LocalRotation.w
      value: 1
      objectReference: {fileID: 0}
    - target: {fileID: 400000, guid: 0acefb97c1ceb470a97893f93d4cc999, type: 2}
      propertyPath: m_RootOrder
      value: 3
      objectReference: {fileID: 0}
    m_RemovedComponents: []
  m_ParentPrefab: {fileID: 100100000, guid: 0acefb97c1ceb470a97893f93d4cc999, type: 2}
  m_RootGameObject: {fileID: 112325309}
  m_IsPrefabParent: 0
  m_IsExploded: 1
--- !u!1 &156897637
GameObject:
  m_ObjectHideFlags: 0
  m_PrefabParentObject: {fileID: 100000, guid: a13261761437c4bcea48ff64d949e5dc, type: 2}
  m_PrefabInternal: {fileID: 1435325089}
  serializedVersion: 4
  m_Component:
  - 4: {fileID: 156897638}
  m_Layer: 0
  m_Name: Level
  m_TagString: Untagged
  m_Icon: {fileID: 0}
  m_NavMeshLayer: 0
  m_StaticEditorFlags: 0
  m_IsActive: 1
--- !u!4 &156897638
Transform:
  m_ObjectHideFlags: 0
  m_PrefabParentObject: {fileID: 400000, guid: a13261761437c4bcea48ff64d949e5dc, type: 2}
  m_PrefabInternal: {fileID: 1435325089}
  m_GameObject: {fileID: 156897637}
  m_LocalRotation: {x: 0, y: 0, z: 0, w: 1}
  m_LocalPosition: {x: 1020.48962, y: -1377.98206, z: 1892.89001}
  m_LocalScale: {x: 42.0999985, y: 29.8999996, z: 31.1060047}
  m_Children:
  - {fileID: 1596794603}
  - {fileID: 940576662}
  m_Father: {fileID: 0}
  m_RootOrder: 3
--- !u!1001 &203686183
Prefab:
  m_ObjectHideFlags: 0
  serializedVersion: 2
  m_Modification:
    m_TransformParent: {fileID: 0}
    m_Modifications:
    - target: {fileID: 400008, guid: d3cd844334197453891836edf6b53641, type: 2}
      propertyPath: m_LocalPosition.x
      value: -785.743835
      objectReference: {fileID: 0}
    - target: {fileID: 400008, guid: d3cd844334197453891836edf6b53641, type: 2}
      propertyPath: m_LocalPosition.y
      value: -1.92736852
      objectReference: {fileID: 0}
    - target: {fileID: 400008, guid: d3cd844334197453891836edf6b53641, type: 2}
      propertyPath: m_LocalPosition.z
      value: 20.0741653
      objectReference: {fileID: 0}
    - target: {fileID: 400008, guid: d3cd844334197453891836edf6b53641, type: 2}
      propertyPath: m_LocalRotation.x
      value: .707106829
      objectReference: {fileID: 0}
    - target: {fileID: 400008, guid: d3cd844334197453891836edf6b53641, type: 2}
      propertyPath: m_LocalRotation.y
      value: 0
      objectReference: {fileID: 0}
    - target: {fileID: 400008, guid: d3cd844334197453891836edf6b53641, type: 2}
      propertyPath: m_LocalRotation.z
      value: 0
      objectReference: {fileID: 0}
    - target: {fileID: 400008, guid: d3cd844334197453891836edf6b53641, type: 2}
      propertyPath: m_LocalRotation.w
      value: .707106829
      objectReference: {fileID: 0}
    - target: {fileID: 400008, guid: d3cd844334197453891836edf6b53641, type: 2}
      propertyPath: m_RootOrder
      value: 2
      objectReference: {fileID: 0}
    m_RemovedComponents: []
  m_ParentPrefab: {fileID: 100100000, guid: d3cd844334197453891836edf6b53641, type: 2}
  m_RootGameObject: {fileID: 2053263995}
  m_IsPrefabParent: 0
  m_IsExploded: 1
--- !u!1 &237882731
GameObject:
  m_ObjectHideFlags: 0
  m_PrefabParentObject: {fileID: 100002, guid: a13261761437c4bcea48ff64d949e5dc, type: 2}
  m_PrefabInternal: {fileID: 1435325089}
  serializedVersion: 4
  m_Component:
  - 4: {fileID: 237882735}
  - 33: {fileID: 237882734}
  - 64: {fileID: 237882733}
  - 23: {fileID: 237882732}
  m_Layer: 0
  m_Name: Quad
  m_TagString: Untagged
  m_Icon: {fileID: 0}
  m_NavMeshLayer: 0
  m_StaticEditorFlags: 0
  m_IsActive: 1
--- !u!23 &237882732
Renderer:
  m_ObjectHideFlags: 0
  m_PrefabParentObject: {fileID: 2300000, guid: a13261761437c4bcea48ff64d949e5dc,
    type: 2}
  m_PrefabInternal: {fileID: 1435325089}
  m_GameObject: {fileID: 237882731}
  m_Enabled: 1
  m_CastShadows: 1
  m_ReceiveShadows: 1
  m_LightmapIndex: 255
  m_LightmapTilingOffset: {x: 1, y: 1, z: 0, w: 0}
  m_Materials:
  - {fileID: 2100000, guid: 5592dab98ab0441b7a083cc585ca2b7b, type: 2}
  m_SubsetIndices: 
  m_StaticBatchRoot: {fileID: 0}
  m_UseLightProbes: 0
  m_LightProbeAnchor: {fileID: 0}
  m_ScaleInLightmap: 1
  m_SortingLayerID: 0
  m_SortingOrder: 0
--- !u!64 &237882733
MeshCollider:
  m_ObjectHideFlags: 0
  m_PrefabParentObject: {fileID: 6400000, guid: a13261761437c4bcea48ff64d949e5dc,
    type: 2}
  m_PrefabInternal: {fileID: 1435325089}
  m_GameObject: {fileID: 237882731}
  m_Material: {fileID: 0}
  m_IsTrigger: 0
  m_Enabled: 1
  serializedVersion: 2
  m_SmoothSphereCollisions: 0
  m_Convex: 0
  m_Mesh: {fileID: 10210, guid: 0000000000000000e000000000000000, type: 0}
--- !u!33 &237882734
MeshFilter:
  m_ObjectHideFlags: 0
  m_PrefabParentObject: {fileID: 3300000, guid: a13261761437c4bcea48ff64d949e5dc,
    type: 2}
  m_PrefabInternal: {fileID: 1435325089}
  m_GameObject: {fileID: 237882731}
  m_Mesh: {fileID: 10210, guid: 0000000000000000e000000000000000, type: 0}
--- !u!4 &237882735
Transform:
  m_ObjectHideFlags: 0
  m_PrefabParentObject: {fileID: 400002, guid: a13261761437c4bcea48ff64d949e5dc, type: 2}
  m_PrefabInternal: {fileID: 1435325089}
  m_GameObject: {fileID: 237882731}
  m_LocalRotation: {x: .707106888, y: 0, z: 0, w: .707106769}
  m_LocalPosition: {x: -26.0192509, y: 2.7968111, z: -62.1933823}
  m_LocalScale: {x: 57.0462379, y: 40.7473297, z: 0}
  m_Children: []
  m_Father: {fileID: 1596794603}
  m_RootOrder: 0
--- !u!1001 &331645064
Prefab:
  m_ObjectHideFlags: 0
  serializedVersion: 2
  m_Modification:
    m_TransformParent: {fileID: 0}
    m_Modifications:
    - target: {fileID: 400000, guid: 0755db37da0f9ec4d934bb2b2bb1e031, type: 2}
      propertyPath: m_LocalPosition.x
      value: 0
      objectReference: {fileID: 0}
    - target: {fileID: 400000, guid: 0755db37da0f9ec4d934bb2b2bb1e031, type: 2}
      propertyPath: m_LocalPosition.y
      value: 0
      objectReference: {fileID: 0}
    - target: {fileID: 400000, guid: 0755db37da0f9ec4d934bb2b2bb1e031, type: 2}
      propertyPath: m_LocalPosition.z
      value: 0
      objectReference: {fileID: 0}
    - target: {fileID: 400000, guid: 0755db37da0f9ec4d934bb2b2bb1e031, type: 2}
      propertyPath: m_LocalRotation.x
      value: 0
      objectReference: {fileID: 0}
    - target: {fileID: 400000, guid: 0755db37da0f9ec4d934bb2b2bb1e031, type: 2}
      propertyPath: m_LocalRotation.y
      value: 0
      objectReference: {fileID: 0}
    - target: {fileID: 400000, guid: 0755db37da0f9ec4d934bb2b2bb1e031, type: 2}
      propertyPath: m_LocalRotation.z
      value: 0
      objectReference: {fileID: 0}
    - target: {fileID: 400000, guid: 0755db37da0f9ec4d934bb2b2bb1e031, type: 2}
      propertyPath: m_LocalRotation.w
      value: 1
      objectReference: {fileID: 0}
    - target: {fileID: 400000, guid: 0755db37da0f9ec4d934bb2b2bb1e031, type: 2}
      propertyPath: m_RootOrder
      value: 6
      objectReference: {fileID: 0}
    m_RemovedComponents: []
  m_ParentPrefab: {fileID: 100100000, guid: 0755db37da0f9ec4d934bb2b2bb1e031, type: 2}
  m_RootGameObject: {fileID: 441233915}
  m_IsPrefabParent: 0
  m_IsExploded: 1
--- !u!1 &363164510
GameObject:
  m_ObjectHideFlags: 0
  m_PrefabParentObject: {fileID: 100000, guid: 874c490b13bac42cdbc48247085069ba, type: 2}
  m_PrefabInternal: {fileID: 955099034}
  serializedVersion: 4
  m_Component:
  - 4: {fileID: 363164512}
  - 114: {fileID: 363164511}
  m_Layer: 0
  m_Name: gameObjectGameManager
  m_TagString: Untagged
  m_Icon: {fileID: 0}
  m_NavMeshLayer: 0
  m_StaticEditorFlags: 0
  m_IsActive: 1
--- !u!114 &363164511
MonoBehaviour:
  m_ObjectHideFlags: 0
  m_PrefabParentObject: {fileID: 11400000, guid: 874c490b13bac42cdbc48247085069ba,
    type: 2}
  m_PrefabInternal: {fileID: 955099034}
  m_GameObject: {fileID: 363164510}
  m_Enabled: 1
  m_EditorHideFlags: 0
  m_Script: {fileID: 11500000, guid: 0510adce60080e14da53e0345cda5d92, type: 3}
  m_Name: 
  m_EditorClassIdentifier: 
  m_sharedData: {fileID: 0}
  m_stateMachine: {fileID: 0}
--- !u!4 &363164512
Transform:
  m_ObjectHideFlags: 0
  m_PrefabParentObject: {fileID: 400000, guid: 874c490b13bac42cdbc48247085069ba, type: 2}
  m_PrefabInternal: {fileID: 955099034}
  m_GameObject: {fileID: 363164510}
  m_LocalRotation: {x: -.707106829, y: 0, z: 0, w: .707106829}
  m_LocalPosition: {x: 7.85743809, y: -.200741664, z: -.0192736629}
  m_LocalScale: {x: .00999999978, y: .00999999698, z: .00999999698}
  m_Children: []
  m_Father: {fileID: 2053263996}
  m_RootOrder: 4
--- !u!1 &441233915
GameObject:
  m_ObjectHideFlags: 0
  m_PrefabParentObject: {fileID: 100000, guid: 0755db37da0f9ec4d934bb2b2bb1e031, type: 2}
  m_PrefabInternal: {fileID: 331645064}
  serializedVersion: 4
  m_Component:
  - 4: {fileID: 441233919}
  - 114: {fileID: 441233918}
  - 114: {fileID: 441233917}
  - 114: {fileID: 441233916}
  m_Layer: 0
  m_Name: prefabGunBasic
  m_TagString: Untagged
  m_Icon: {fileID: 0}
  m_NavMeshLayer: 0
  m_StaticEditorFlags: 0
  m_IsActive: 1
--- !u!114 &441233916
MonoBehaviour:
  m_ObjectHideFlags: 0
  m_PrefabParentObject: {fileID: 11400000, guid: 0755db37da0f9ec4d934bb2b2bb1e031,
    type: 2}
  m_PrefabInternal: {fileID: 331645064}
  m_GameObject: {fileID: 441233915}
  m_Enabled: 1
  m_EditorHideFlags: 0
  m_Script: {fileID: 11500000, guid: 578307f7c19e78841a4cbcdfcc632f8c, type: 3}
  m_Name: 
  m_EditorClassIdentifier: 
  m_gunObject: {fileID: 441233917}
--- !u!114 &441233917
MonoBehaviour:
  m_ObjectHideFlags: 0
  m_PrefabParentObject: {fileID: 11400002, guid: 0755db37da0f9ec4d934bb2b2bb1e031,
    type: 2}
  m_PrefabInternal: {fileID: 331645064}
  m_GameObject: {fileID: 441233915}
  m_Enabled: 1
  m_EditorHideFlags: 0
  m_Script: {fileID: 11500000, guid: ed80f90a7cc439a469b3350ab4c67c9f, type: 3}
  m_Name: 
  m_EditorClassIdentifier: 
  m_gunManager: {fileID: 0}
--- !u!114 &441233918
MonoBehaviour:
  m_ObjectHideFlags: 0
  m_PrefabParentObject: {fileID: 11400004, guid: 0755db37da0f9ec4d934bb2b2bb1e031,
    type: 2}
  m_PrefabInternal: {fileID: 331645064}
  m_GameObject: {fileID: 441233915}
  m_Enabled: 1
  m_EditorHideFlags: 0
  m_Script: {fileID: 11500000, guid: cd9e750e0346040ec81999a2c58ed6c7, type: 3}
  m_Name: 
  m_EditorClassIdentifier: 
  prefab: {fileID: 100000, guid: f5beb75cdc805194db2af9e60d31eb0f, type: 2}
  poolAmount: 50
  instantiateOnAwake: 1
  parentGO: {fileID: 441233915}
--- !u!4 &441233919
Transform:
  m_ObjectHideFlags: 0
  m_PrefabParentObject: {fileID: 400000, guid: 0755db37da0f9ec4d934bb2b2bb1e031, type: 2}
  m_PrefabInternal: {fileID: 331645064}
  m_GameObject: {fileID: 441233915}
  m_LocalRotation: {x: 0, y: 0, z: 0, w: 1}
  m_LocalPosition: {x: 0, y: 0, z: 0}
  m_LocalScale: {x: 1, y: 1, z: 1}
  m_Children: []
  m_Father: {fileID: 0}
  m_RootOrder: 4
--- !u!1 &545935258
GameObject:
  m_ObjectHideFlags: 0
  m_PrefabParentObject: {fileID: 100000, guid: 1d901174f400a487a856394f1fd8bc07, type: 2}
  m_PrefabInternal: {fileID: 752909453}
  serializedVersion: 4
  m_Component:
  - 4: {fileID: 545935259}
  m_Layer: 0
  m_Name: gameObjectSpawnPoint
  m_TagString: Respawn
  m_Icon: {fileID: -1016138426, guid: 0000000000000000d000000000000000, type: 0}
  m_NavMeshLayer: 0
  m_StaticEditorFlags: 0
  m_IsActive: 1
--- !u!4 &545935259
Transform:
  m_ObjectHideFlags: 0
  m_PrefabParentObject: {fileID: 400000, guid: 1d901174f400a487a856394f1fd8bc07, type: 2}
  m_PrefabInternal: {fileID: 752909453}
  m_GameObject: {fileID: 545935258}
  m_LocalRotation: {x: 0, y: 0, z: 0, w: 1}
  m_LocalPosition: {x: -63.6173096, y: -1.99365234, z: -622.293579}
  m_LocalScale: {x: 1, y: 1, z: 1}
  m_Children: []
  m_Father: {fileID: 1524038398}
  m_RootOrder: 1
--- !u!1 &578529775
GameObject:
  m_ObjectHideFlags: 0
  m_PrefabParentObject: {fileID: 100000, guid: 58a1ffabd166e4387996cc7e0e59b64b, type: 2}
  m_PrefabInternal: {fileID: 2036649980}
  serializedVersion: 4
  m_Component:
  - 4: {fileID: 578529776}
  m_Layer: 0
  m_Name: gameObjectSpawnPoint
  m_TagString: Respawn
  m_Icon: {fileID: 866134395, guid: 0000000000000000d000000000000000, type: 0}
  m_NavMeshLayer: 0
  m_StaticEditorFlags: 0
  m_IsActive: 1
--- !u!4 &578529776
Transform:
  m_ObjectHideFlags: 0
  m_PrefabParentObject: {fileID: 400000, guid: 58a1ffabd166e4387996cc7e0e59b64b, type: 2}
  m_PrefabInternal: {fileID: 2036649980}
  m_GameObject: {fileID: 578529775}
  m_LocalRotation: {x: 0, y: 0, z: 0, w: 1}
  m_LocalPosition: {x: -2063.61719, y: 25.7017822, z: 412.706421}
  m_LocalScale: {x: 1, y: 1, z: 1}
  m_Children: []
  m_Father: {fileID: 1524038398}
  m_RootOrder: 2
--- !u!1 &698840073
GameObject:
  m_ObjectHideFlags: 0
  m_PrefabParentObject: {fileID: 100000, guid: a02b786da583b42bc8f8754e4f175f9c, type: 2}
  m_PrefabInternal: {fileID: 901137228}
  serializedVersion: 4
  m_Component:
  - 4: {fileID: 698840074}
  m_Layer: 0
  m_Name: gameObjectSpawnPoint
  m_TagString: Respawn
  m_Icon: {fileID: 168350284, guid: 0000000000000000d000000000000000, type: 0}
  m_NavMeshLayer: 0
  m_StaticEditorFlags: 0
  m_IsActive: 1
--- !u!4 &698840074
Transform:
  m_ObjectHideFlags: 0
  m_PrefabParentObject: {fileID: 400000, guid: a02b786da583b42bc8f8754e4f175f9c, type: 2}
  m_PrefabInternal: {fileID: 901137228}
  m_GameObject: {fileID: 698840073}
  m_LocalRotation: {x: 0, y: 0, z: 0, w: 1}
  m_LocalPosition: {x: -2063.61719, y: 25.7017822, z: -622.293579}
  m_LocalScale: {x: 1, y: 1, z: 1}
  m_Children: []
  m_Father: {fileID: 1524038398}
  m_RootOrder: 0
--- !u!1001 &703433646
Prefab:
  m_ObjectHideFlags: 0
  serializedVersion: 2
  m_Modification:
    m_TransformParent: {fileID: 0}
    m_Modifications:
    - target: {fileID: 400000, guid: 688f55fd5fadd48348b4bbee48208d17, type: 2}
      propertyPath: m_LocalPosition.x
      value: 0
      objectReference: {fileID: 0}
    - target: {fileID: 400000, guid: 688f55fd5fadd48348b4bbee48208d17, type: 2}
      propertyPath: m_LocalPosition.y
      value: 37
      objectReference: {fileID: 0}
    - target: {fileID: 400000, guid: 688f55fd5fadd48348b4bbee48208d17, type: 2}
      propertyPath: m_LocalPosition.z
      value: -37
      objectReference: {fileID: 0}
    - target: {fileID: 400000, guid: 688f55fd5fadd48348b4bbee48208d17, type: 2}
      propertyPath: m_LocalRotation.x
      value: .707106829
      objectReference: {fileID: 0}
    - target: {fileID: 400000, guid: 688f55fd5fadd48348b4bbee48208d17, type: 2}
      propertyPath: m_LocalRotation.y
      value: 0
      objectReference: {fileID: 0}
    - target: {fileID: 400000, guid: 688f55fd5fadd48348b4bbee48208d17, type: 2}
      propertyPath: m_LocalRotation.z
      value: 0
      objectReference: {fileID: 0}
    - target: {fileID: 400000, guid: 688f55fd5fadd48348b4bbee48208d17, type: 2}
      propertyPath: m_LocalRotation.w
      value: .707106829
      objectReference: {fileID: 0}
    - target: {fileID: 400000, guid: 688f55fd5fadd48348b4bbee48208d17, type: 2}
      propertyPath: m_RootOrder
      value: 3
      objectReference: {fileID: 0}
    m_RemovedComponents: []
  m_ParentPrefab: {fileID: 100100000, guid: 688f55fd5fadd48348b4bbee48208d17, type: 2}
  m_RootGameObject: {fileID: 1395054177}
  m_IsPrefabParent: 0
  m_IsExploded: 1
--- !u!1001 &726394507
Prefab:
  m_ObjectHideFlags: 0
  serializedVersion: 2
  m_Modification:
    m_TransformParent: {fileID: 0}
    m_Modifications:
    - target: {fileID: 400000, guid: 3c2b332e5b2214d92bbca683dd42a7e6, type: 2}
      propertyPath: m_LocalPosition.x
      value: 1063.61731
      objectReference: {fileID: 0}
    - target: {fileID: 400000, guid: 3c2b332e5b2214d92bbca683dd42a7e6, type: 2}
      propertyPath: m_LocalPosition.y
      value: -832.506348
      objectReference: {fileID: 0}
    - target: {fileID: 400000, guid: 3c2b332e5b2214d92bbca683dd42a7e6, type: 2}
      propertyPath: m_LocalPosition.z
      value: 62.2935905
      objectReference: {fileID: 0}
    - target: {fileID: 400000, guid: 3c2b332e5b2214d92bbca683dd42a7e6, type: 2}
      propertyPath: m_LocalRotation.x
      value: 0
      objectReference: {fileID: 0}
    - target: {fileID: 400000, guid: 3c2b332e5b2214d92bbca683dd42a7e6, type: 2}
      propertyPath: m_LocalRotation.y
      value: 0
      objectReference: {fileID: 0}
    - target: {fileID: 400000, guid: 3c2b332e5b2214d92bbca683dd42a7e6, type: 2}
      propertyPath: m_LocalRotation.z
      value: 0
      objectReference: {fileID: 0}
    - target: {fileID: 400000, guid: 3c2b332e5b2214d92bbca683dd42a7e6, type: 2}
      propertyPath: m_LocalRotation.w
      value: 1
      objectReference: {fileID: 0}
    - target: {fileID: 400000, guid: 3c2b332e5b2214d92bbca683dd42a7e6, type: 2}
      propertyPath: m_RootOrder
      value: 4
      objectReference: {fileID: 0}
    m_RemovedComponents: []
  m_ParentPrefab: {fileID: 100100000, guid: 3c2b332e5b2214d92bbca683dd42a7e6, type: 2}
  m_RootGameObject: {fileID: 1524038397}
  m_IsPrefabParent: 0
  m_IsExploded: 1
--- !u!1001 &752909453
Prefab:
  m_ObjectHideFlags: 0
  serializedVersion: 2
  m_Modification:
    m_TransformParent: {fileID: 1524038398}
    m_Modifications:
    - target: {fileID: 400000, guid: 1d901174f400a487a856394f1fd8bc07, type: 2}
      propertyPath: m_LocalPosition.x
      value: -63.6173096
      objectReference: {fileID: 0}
    - target: {fileID: 400000, guid: 1d901174f400a487a856394f1fd8bc07, type: 2}
      propertyPath: m_LocalPosition.y
      value: -1.99365234
      objectReference: {fileID: 0}
    - target: {fileID: 400000, guid: 1d901174f400a487a856394f1fd8bc07, type: 2}
      propertyPath: m_LocalPosition.z
      value: -622.293579
      objectReference: {fileID: 0}
    - target: {fileID: 400000, guid: 1d901174f400a487a856394f1fd8bc07, type: 2}
      propertyPath: m_LocalRotation.x
      value: 0
      objectReference: {fileID: 0}
    - target: {fileID: 400000, guid: 1d901174f400a487a856394f1fd8bc07, type: 2}
      propertyPath: m_LocalRotation.y
      value: 0
      objectReference: {fileID: 0}
    - target: {fileID: 400000, guid: 1d901174f400a487a856394f1fd8bc07, type: 2}
      propertyPath: m_LocalRotation.z
      value: 0
      objectReference: {fileID: 0}
    - target: {fileID: 400000, guid: 1d901174f400a487a856394f1fd8bc07, type: 2}
      propertyPath: m_LocalRotation.w
      value: 1
      objectReference: {fileID: 0}
    - target: {fileID: 400000, guid: 1d901174f400a487a856394f1fd8bc07, type: 2}
      propertyPath: m_RootOrder
      value: 1
      objectReference: {fileID: 0}
    - target: {fileID: 100000, guid: 1d901174f400a487a856394f1fd8bc07, type: 2}
      propertyPath: m_Name
      value: gameObjectSpawnPoint
      objectReference: {fileID: 0}
    m_RemovedComponents: []
  m_ParentPrefab: {fileID: 100100000, guid: 1d901174f400a487a856394f1fd8bc07, type: 2}
  m_RootGameObject: {fileID: 545935258}
  m_IsPrefabParent: 0
  m_IsExploded: 1
--- !u!1001 &901137228
Prefab:
  m_ObjectHideFlags: 0
  serializedVersion: 2
  m_Modification:
    m_TransformParent: {fileID: 1524038398}
    m_Modifications:
    - target: {fileID: 400000, guid: a02b786da583b42bc8f8754e4f175f9c, type: 2}
      propertyPath: m_LocalPosition.x
      value: -2063.61719
      objectReference: {fileID: 0}
    - target: {fileID: 400000, guid: a02b786da583b42bc8f8754e4f175f9c, type: 2}
      propertyPath: m_LocalPosition.y
      value: 25.7017822
      objectReference: {fileID: 0}
    - target: {fileID: 400000, guid: a02b786da583b42bc8f8754e4f175f9c, type: 2}
      propertyPath: m_LocalPosition.z
      value: -622.293579
      objectReference: {fileID: 0}
    - target: {fileID: 400000, guid: a02b786da583b42bc8f8754e4f175f9c, type: 2}
      propertyPath: m_LocalRotation.x
      value: 0
      objectReference: {fileID: 0}
    - target: {fileID: 400000, guid: a02b786da583b42bc8f8754e4f175f9c, type: 2}
      propertyPath: m_LocalRotation.y
      value: 0
      objectReference: {fileID: 0}
    - target: {fileID: 400000, guid: a02b786da583b42bc8f8754e4f175f9c, type: 2}
      propertyPath: m_LocalRotation.z
      value: 0
      objectReference: {fileID: 0}
    - target: {fileID: 400000, guid: a02b786da583b42bc8f8754e4f175f9c, type: 2}
      propertyPath: m_LocalRotation.w
      value: 1
      objectReference: {fileID: 0}
    - target: {fileID: 400000, guid: a02b786da583b42bc8f8754e4f175f9c, type: 2}
      propertyPath: m_RootOrder
      value: 0
      objectReference: {fileID: 0}
    - target: {fileID: 100000, guid: a02b786da583b42bc8f8754e4f175f9c, type: 2}
      propertyPath: m_Name
      value: gameObjectSpawnPoint
      objectReference: {fileID: 0}
    m_RemovedComponents: []
  m_ParentPrefab: {fileID: 100100000, guid: a02b786da583b42bc8f8754e4f175f9c, type: 2}
  m_RootGameObject: {fileID: 698840073}
  m_IsPrefabParent: 0
  m_IsExploded: 1
--- !u!1 &940576661
GameObject:
  m_ObjectHideFlags: 0
  m_PrefabParentObject: {fileID: 100004, guid: a13261761437c4bcea48ff64d949e5dc, type: 2}
  m_PrefabInternal: {fileID: 1435325089}
  serializedVersion: 4
  m_Component:
  - 4: {fileID: 940576662}
  - 114: {fileID: 940576663}
  m_Layer: 0
  m_Name: Background
  m_TagString: Untagged
  m_Icon: {fileID: 0}
  m_NavMeshLayer: 0
  m_StaticEditorFlags: 0
  m_IsActive: 1
--- !u!4 &940576662
Transform:
  m_ObjectHideFlags: 0
  m_PrefabParentObject: {fileID: 400004, guid: a13261761437c4bcea48ff64d949e5dc, type: 2}
  m_PrefabInternal: {fileID: 1435325089}
  m_GameObject: {fileID: 940576661}
  m_LocalRotation: {x: 0, y: 0, z: 0, w: 1}
  m_LocalPosition: {x: 0, y: -0, z: 0}
  m_LocalScale: {x: 1, y: 1, z: 1}
  m_Children:
  - {fileID: 1066139378}
  m_Father: {fileID: 156897638}
  m_RootOrder: 1
--- !u!114 &940576663
MonoBehaviour:
  m_ObjectHideFlags: 0
  m_PrefabParentObject: {fileID: 11400000, guid: a13261761437c4bcea48ff64d949e5dc,
    type: 2}
  m_PrefabInternal: {fileID: 1435325089}
  m_GameObject: {fileID: 940576661}
  m_Enabled: 1
  m_EditorHideFlags: 0
  m_Script: {fileID: 11500000, guid: 077a69d669f3040e38dbf9e1b4b22f18, type: 3}
  m_Name: 
  m_EditorClassIdentifier: 
  bgRenderer: {fileID: 1066139379}
  scrollSpeedX: 0
  scrollSpeedY: .0500000007
--- !u!1001 &955099034
Prefab:
  m_ObjectHideFlags: 0
  serializedVersion: 2
  m_Modification:
    m_TransformParent: {fileID: 2053263996}
    m_Modifications:
    - target: {fileID: 400000, guid: 874c490b13bac42cdbc48247085069ba, type: 2}
      propertyPath: m_LocalPosition.x
      value: 7.85743809
      objectReference: {fileID: 0}
    - target: {fileID: 400000, guid: 874c490b13bac42cdbc48247085069ba, type: 2}
      propertyPath: m_LocalPosition.y
      value: -.200741664
      objectReference: {fileID: 0}
    - target: {fileID: 400000, guid: 874c490b13bac42cdbc48247085069ba, type: 2}
      propertyPath: m_LocalPosition.z
      value: -.0192736629
      objectReference: {fileID: 0}
    - target: {fileID: 400000, guid: 874c490b13bac42cdbc48247085069ba, type: 2}
      propertyPath: m_LocalRotation.x
      value: -.707106829
      objectReference: {fileID: 0}
    - target: {fileID: 400000, guid: 874c490b13bac42cdbc48247085069ba, type: 2}
      propertyPath: m_LocalRotation.y
      value: 0
      objectReference: {fileID: 0}
    - target: {fileID: 400000, guid: 874c490b13bac42cdbc48247085069ba, type: 2}
      propertyPath: m_LocalRotation.z
      value: 0
      objectReference: {fileID: 0}
    - target: {fileID: 400000, guid: 874c490b13bac42cdbc48247085069ba, type: 2}
      propertyPath: m_LocalRotation.w
      value: .707106829
      objectReference: {fileID: 0}
    - target: {fileID: 400000, guid: 874c490b13bac42cdbc48247085069ba, type: 2}
      propertyPath: m_RootOrder
      value: 4
      objectReference: {fileID: 0}
    - target: {fileID: 400000, guid: 874c490b13bac42cdbc48247085069ba, type: 2}
      propertyPath: m_LocalScale.x
      value: .00999999978
      objectReference: {fileID: 0}
    - target: {fileID: 400000, guid: 874c490b13bac42cdbc48247085069ba, type: 2}
      propertyPath: m_LocalScale.y
      value: .00999999698
      objectReference: {fileID: 0}
    - target: {fileID: 400000, guid: 874c490b13bac42cdbc48247085069ba, type: 2}
      propertyPath: m_LocalScale.z
      value: .00999999698
      objectReference: {fileID: 0}
    m_RemovedComponents: []
  m_ParentPrefab: {fileID: 100100000, guid: 874c490b13bac42cdbc48247085069ba, type: 2}
  m_RootGameObject: {fileID: 363164510}
  m_IsPrefabParent: 0
  m_IsExploded: 1
--- !u!1 &983555229
GameObject:
  m_ObjectHideFlags: 0
  m_PrefabParentObject: {fileID: 100000, guid: 7dbcb32ac63c1417db14f004a3bc73d1, type: 2}
  m_PrefabInternal: {fileID: 1566986150}
  serializedVersion: 4
  m_Component:
  - 4: {fileID: 983555231}
  - 108: {fileID: 983555230}
  m_Layer: 0
  m_Name: Directional light
  m_TagString: Untagged
  m_Icon: {fileID: 0}
  m_NavMeshLayer: 0
  m_StaticEditorFlags: 0
  m_IsActive: 1
--- !u!108 &983555230
Light:
  m_ObjectHideFlags: 0
  m_PrefabParentObject: {fileID: 10800000, guid: 7dbcb32ac63c1417db14f004a3bc73d1,
    type: 2}
  m_PrefabInternal: {fileID: 1566986150}
  m_GameObject: {fileID: 983555229}
  m_Enabled: 1
  serializedVersion: 3
  m_Type: 1
  m_Color: {r: 1, g: 1, b: 1, a: 1}
  m_Intensity: .5
  m_Range: 10
  m_SpotAngle: 30
  m_CookieSize: 10
  m_Shadows:
    m_Type: 0
    m_Resolution: -1
    m_Strength: 1
    m_Bias: .0500000007
    m_Softness: 4
    m_SoftnessFade: 1
  m_Cookie: {fileID: 0}
  m_DrawHalo: 0
  m_ActuallyLightmapped: 0
  m_Flare: {fileID: 0}
  m_RenderMode: 0
  m_CullingMask:
    serializedVersion: 2
    m_Bits: 4294967295
  m_Lightmapping: 1
  m_ShadowSamples: 1
  m_ShadowRadius: 0
  m_ShadowAngle: 0
  m_IndirectIntensity: 1
  m_AreaSize: {x: 1, y: 1}
--- !u!4 &983555231
Transform:
  m_ObjectHideFlags: 0
  m_PrefabParentObject: {fileID: 400000, guid: 7dbcb32ac63c1417db14f004a3bc73d1, type: 2}
  m_PrefabInternal: {fileID: 1566986150}
  m_GameObject: {fileID: 983555229}
  m_LocalRotation: {x: -.330366075, y: -.0885213315, z: .24321039, w: .907673419}
  m_LocalPosition: {x: 0, y: 0, z: 0}
  m_LocalScale: {x: 1, y: 1, z: 1}
  m_Children: []
  m_Father: {fileID: 1395054182}
  m_RootOrder: 0
--- !u!1 &1066139377
GameObject:
  m_ObjectHideFlags: 0
  m_PrefabParentObject: {fileID: 100006, guid: a13261761437c4bcea48ff64d949e5dc, type: 2}
  m_PrefabInternal: {fileID: 1435325089}
  serializedVersion: 4
  m_Component:
  - 4: {fileID: 1066139378}
  - 33: {fileID: 1066139381}
  - 64: {fileID: 1066139380}
  - 23: {fileID: 1066139379}
  m_Layer: 0
  m_Name: Quad
  m_TagString: Untagged
  m_Icon: {fileID: 0}
  m_NavMeshLayer: 0
  m_StaticEditorFlags: 0
  m_IsActive: 1
--- !u!4 &1066139378
Transform:
  m_ObjectHideFlags: 0
  m_PrefabParentObject: {fileID: 400006, guid: a13261761437c4bcea48ff64d949e5dc, type: 2}
  m_PrefabInternal: {fileID: 1435325089}
  m_GameObject: {fileID: 1066139377}
  m_LocalRotation: {x: .707106888, y: 0, z: 0, w: .707106769}
  m_LocalPosition: {x: -26.0192509, y: 2.7968111, z: -62.1933823}
  m_LocalScale: {x: 57.0462379, y: 40.7473297, z: 0}
  m_Children: []
  m_Father: {fileID: 940576662}
  m_RootOrder: 0
--- !u!23 &1066139379
Renderer:
  m_ObjectHideFlags: 0
  m_PrefabParentObject: {fileID: 2300002, guid: a13261761437c4bcea48ff64d949e5dc,
    type: 2}
  m_PrefabInternal: {fileID: 1435325089}
  m_GameObject: {fileID: 1066139377}
  m_Enabled: 1
  m_CastShadows: 1
  m_ReceiveShadows: 1
  m_LightmapIndex: 255
  m_LightmapTilingOffset: {x: 1, y: 1, z: 0, w: 0}
  m_Materials:
  - {fileID: 2100000, guid: 5592dab98ab0441b7a083cc585ca2b7b, type: 2}
  m_SubsetIndices: 
  m_StaticBatchRoot: {fileID: 0}
  m_UseLightProbes: 0
  m_LightProbeAnchor: {fileID: 0}
  m_ScaleInLightmap: 1
  m_SortingLayerID: 0
  m_SortingOrder: 0
--- !u!64 &1066139380
MeshCollider:
  m_ObjectHideFlags: 0
  m_PrefabParentObject: {fileID: 6400002, guid: a13261761437c4bcea48ff64d949e5dc,
    type: 2}
  m_PrefabInternal: {fileID: 1435325089}
  m_GameObject: {fileID: 1066139377}
  m_Material: {fileID: 0}
  m_IsTrigger: 0
  m_Enabled: 1
  serializedVersion: 2
  m_SmoothSphereCollisions: 0
  m_Convex: 0
  m_Mesh: {fileID: 10210, guid: 0000000000000000e000000000000000, type: 0}
--- !u!33 &1066139381
MeshFilter:
  m_ObjectHideFlags: 0
  m_PrefabParentObject: {fileID: 3300002, guid: a13261761437c4bcea48ff64d949e5dc,
    type: 2}
  m_PrefabInternal: {fileID: 1435325089}
  m_GameObject: {fileID: 1066139377}
  m_Mesh: {fileID: 10210, guid: 0000000000000000e000000000000000, type: 0}
--- !u!1 &1395054177
GameObject:
  m_ObjectHideFlags: 0
  m_PrefabParentObject: {fileID: 100000, guid: 688f55fd5fadd48348b4bbee48208d17, type: 2}
  m_PrefabInternal: {fileID: 703433646}
  serializedVersion: 4
  m_Component:
  - 4: {fileID: 1395054182}
  - 20: {fileID: 1395054181}
  - 92: {fileID: 1395054180}
  - 124: {fileID: 1395054179}
  - 81: {fileID: 1395054178}
  m_Layer: 0
  m_Name: Main Camera
  m_TagString: MainCamera
  m_Icon: {fileID: 0}
  m_NavMeshLayer: 0
  m_StaticEditorFlags: 0
  m_IsActive: 1
--- !u!81 &1395054178
AudioListener:
  m_ObjectHideFlags: 0
  m_PrefabParentObject: {fileID: 8100000, guid: 688f55fd5fadd48348b4bbee48208d17,
    type: 2}
  m_PrefabInternal: {fileID: 703433646}
  m_GameObject: {fileID: 1395054177}
  m_Enabled: 1
--- !u!124 &1395054179
Behaviour:
  m_ObjectHideFlags: 0
  m_PrefabParentObject: {fileID: 12400000, guid: 688f55fd5fadd48348b4bbee48208d17,
    type: 2}
  m_PrefabInternal: {fileID: 703433646}
  m_GameObject: {fileID: 1395054177}
  m_Enabled: 1
--- !u!92 &1395054180
Behaviour:
  m_ObjectHideFlags: 0
  m_PrefabParentObject: {fileID: 9200000, guid: 688f55fd5fadd48348b4bbee48208d17,
    type: 2}
  m_PrefabInternal: {fileID: 703433646}
  m_GameObject: {fileID: 1395054177}
  m_Enabled: 1
--- !u!20 &1395054181
Camera:
  m_ObjectHideFlags: 0
  m_PrefabParentObject: {fileID: 2000000, guid: 688f55fd5fadd48348b4bbee48208d17,
    type: 2}
  m_PrefabInternal: {fileID: 703433646}
  m_GameObject: {fileID: 1395054177}
  m_Enabled: 1
  serializedVersion: 2
  m_ClearFlags: 1
  m_BackGroundColor: {r: 0, g: 0, b: 0, a: .0196078438}
  m_NormalizedViewPortRect:
    serializedVersion: 2
    x: 0
    y: 0
    width: 1
    height: 1
  near clip plane: .300000012
  far clip plane: 1000
  field of view: 60
  orthographic: 1
  orthographic size: 557.099976
  m_Depth: -1
  m_CullingMask:
    serializedVersion: 2
    m_Bits: 4294967295
  m_RenderingPath: -1
  m_TargetTexture: {fileID: 0}
  m_TargetDisplay: 0
  m_HDR: 0
  m_OcclusionCulling: 1
  m_StereoConvergence: 10
  m_StereoSeparation: .0219999999
--- !u!4 &1395054182
Transform:
  m_ObjectHideFlags: 0
  m_PrefabParentObject: {fileID: 400000, guid: 688f55fd5fadd48348b4bbee48208d17, type: 2}
  m_PrefabInternal: {fileID: 703433646}
  m_GameObject: {fileID: 1395054177}
  m_LocalRotation: {x: .707106829, y: 0, z: 0, w: .707106829}
  m_LocalPosition: {x: 0, y: 37, z: -37}
  m_LocalScale: {x: 1, y: 1, z: 1}
  m_Children:
  - {fileID: 983555231}
  m_Father: {fileID: 0}
  m_RootOrder: 1
--- !u!1001 &1435325089
Prefab:
  m_ObjectHideFlags: 0
  serializedVersion: 2
  m_Modification:
    m_TransformParent: {fileID: 0}
    m_Modifications:
    - target: {fileID: 400000, guid: a13261761437c4bcea48ff64d949e5dc, type: 2}
      propertyPath: m_LocalPosition.x
      value: 1020.48962
      objectReference: {fileID: 0}
    - target: {fileID: 400000, guid: a13261761437c4bcea48ff64d949e5dc, type: 2}
      propertyPath: m_LocalPosition.y
      value: -1377.98206
      objectReference: {fileID: 0}
    - target: {fileID: 400000, guid: a13261761437c4bcea48ff64d949e5dc, type: 2}
      propertyPath: m_LocalPosition.z
      value: 1892.89001
      objectReference: {fileID: 0}
    - target: {fileID: 400000, guid: a13261761437c4bcea48ff64d949e5dc, type: 2}
      propertyPath: m_LocalRotation.x
      value: 0
      objectReference: {fileID: 0}
    - target: {fileID: 400000, guid: a13261761437c4bcea48ff64d949e5dc, type: 2}
      propertyPath: m_LocalRotation.y
      value: 0
      objectReference: {fileID: 0}
    - target: {fileID: 400000, guid: a13261761437c4bcea48ff64d949e5dc, type: 2}
      propertyPath: m_LocalRotation.z
      value: 0
      objectReference: {fileID: 0}
    - target: {fileID: 400000, guid: a13261761437c4bcea48ff64d949e5dc, type: 2}
      propertyPath: m_LocalRotation.w
      value: 1
      objectReference: {fileID: 0}
    - target: {fileID: 400000, guid: a13261761437c4bcea48ff64d949e5dc, type: 2}
      propertyPath: m_RootOrder
      value: 5
      objectReference: {fileID: 0}
    - target: {fileID: 100000, guid: a13261761437c4bcea48ff64d949e5dc, type: 2}
      propertyPath: m_IsActive
      value: 1
      objectReference: {fileID: 0}
    m_RemovedComponents: []
  m_ParentPrefab: {fileID: 100100000, guid: a13261761437c4bcea48ff64d949e5dc, type: 2}
  m_RootGameObject: {fileID: 156897637}
  m_IsPrefabParent: 0
  m_IsExploded: 1
--- !u!1 &1468563035
GameObject:
  m_ObjectHideFlags: 0
  m_PrefabParentObject: {fileID: 100002, guid: d3cd844334197453891836edf6b53641, type: 2}
  m_PrefabInternal: {fileID: 203686183}
  serializedVersion: 4
  m_Component:
  - 4: {fileID: 1468563036}
  - 114: {fileID: 1468563039}
  - 65: {fileID: 1468563038}
  - 54: {fileID: 1468563037}
  m_Layer: 0
  m_Name: RightEdge
  m_TagString: Untagged
  m_Icon: {fileID: 0}
  m_NavMeshLayer: 0
  m_StaticEditorFlags: 0
  m_IsActive: 1
--- !u!4 &1468563036
Transform:
  m_ObjectHideFlags: 0
  m_PrefabParentObject: {fileID: 400002, guid: d3cd844334197453891836edf6b53641, type: 2}
  m_PrefabInternal: {fileID: 203686183}
  m_GameObject: {fileID: 1468563035}
  m_LocalRotation: {x: 0, y: 0, z: .707106829, w: .707106829}
  m_LocalPosition: {x: 19.4301701, y: -.940000117, z: -0}
  m_LocalScale: {x: .710000157, y: 1, z: 1}
  m_Children: []
  m_Father: {fileID: 2053263996}
  m_RootOrder: 2
--- !u!54 &1468563037
Rigidbody:
  m_ObjectHideFlags: 0
  m_PrefabParentObject: {fileID: 5400002, guid: d3cd844334197453891836edf6b53641,
    type: 2}
  m_PrefabInternal: {fileID: 203686183}
  m_GameObject: {fileID: 1468563035}
  serializedVersion: 2
  m_Mass: 1
  m_Drag: 0
  m_AngularDrag: .0500000007
  m_UseGravity: 0
  m_IsKinematic: 0
  m_Interpolate: 0
  m_Constraints: 0
  m_CollisionDetection: 0
--- !u!65 &1468563038
BoxCollider:
  m_ObjectHideFlags: 0
  m_PrefabParentObject: {fileID: 6500002, guid: d3cd844334197453891836edf6b53641,
    type: 2}
  m_PrefabInternal: {fileID: 203686183}
  m_GameObject: {fileID: 1468563035}
  m_Material: {fileID: 0}
  m_IsTrigger: 1
  m_Enabled: 1
  serializedVersion: 2
  m_Size: {x: 17.2800007, y: 1, z: 100}
  m_Center: {x: .5, y: 0, z: 0}
--- !u!114 &1468563039
MonoBehaviour:
  m_ObjectHideFlags: 0
  m_PrefabParentObject: {fileID: 11400002, guid: d3cd844334197453891836edf6b53641,
    type: 2}
  m_PrefabInternal: {fileID: 203686183}
  m_GameObject: {fileID: 1468563035}
  m_Enabled: 1
  m_EditorHideFlags: 0
  m_Script: {fileID: 11500000, guid: 0059ab128c2414340a01ecef18b4c9b2, type: 3}
  m_Name: 
  m_EditorClassIdentifier: 
  edgeAxis: 0
  reapearNumber: -1007.28998
--- !u!1 &1524038397
GameObject:
  m_ObjectHideFlags: 0
  m_PrefabParentObject: {fileID: 100000, guid: 3c2b332e5b2214d92bbca683dd42a7e6, type: 2}
  m_PrefabInternal: {fileID: 726394507}
  serializedVersion: 4
  m_Component:
  - 4: {fileID: 1524038398}
  m_Layer: 0
  m_Name: SpawnPoints
  m_TagString: Untagged
  m_Icon: {fileID: 0}
  m_NavMeshLayer: 0
  m_StaticEditorFlags: 0
  m_IsActive: 1
--- !u!4 &1524038398
Transform:
  m_ObjectHideFlags: 0
  m_PrefabParentObject: {fileID: 400000, guid: 3c2b332e5b2214d92bbca683dd42a7e6, type: 2}
  m_PrefabInternal: {fileID: 726394507}
  m_GameObject: {fileID: 1524038397}
  m_LocalRotation: {x: 0, y: 0, z: 0, w: 1}
  m_LocalPosition: {x: 1063.61731, y: -832.506348, z: 62.2935905}
  m_LocalScale: {x: 1, y: 1, z: 1}
  m_Children:
  - {fileID: 698840074}
  - {fileID: 545935259}
  - {fileID: 578529776}
  - {fileID: 112325310}
  m_Father: {fileID: 0}
  m_RootOrder: 2
--- !u!1001 &1566986150
Prefab:
  m_ObjectHideFlags: 0
  serializedVersion: 2
  m_Modification:
    m_TransformParent: {fileID: 1395054182}
    m_Modifications:
    - target: {fileID: 400000, guid: 7dbcb32ac63c1417db14f004a3bc73d1, type: 2}
      propertyPath: m_LocalPosition.x
      value: 0
      objectReference: {fileID: 0}
    - target: {fileID: 400000, guid: 7dbcb32ac63c1417db14f004a3bc73d1, type: 2}
      propertyPath: m_LocalPosition.y
      value: 0
      objectReference: {fileID: 0}
    - target: {fileID: 400000, guid: 7dbcb32ac63c1417db14f004a3bc73d1, type: 2}
      propertyPath: m_LocalPosition.z
      value: 0
      objectReference: {fileID: 0}
    - target: {fileID: 400000, guid: 7dbcb32ac63c1417db14f004a3bc73d1, type: 2}
      propertyPath: m_LocalRotation.x
      value: -.330366075
      objectReference: {fileID: 0}
    - target: {fileID: 400000, guid: 7dbcb32ac63c1417db14f004a3bc73d1, type: 2}
      propertyPath: m_LocalRotation.y
      value: -.0885213315
      objectReference: {fileID: 0}
    - target: {fileID: 400000, guid: 7dbcb32ac63c1417db14f004a3bc73d1, type: 2}
      propertyPath: m_LocalRotation.z
      value: .24321039
      objectReference: {fileID: 0}
    - target: {fileID: 400000, guid: 7dbcb32ac63c1417db14f004a3bc73d1, type: 2}
      propertyPath: m_LocalRotation.w
      value: .907673419
      objectReference: {fileID: 0}
    - target: {fileID: 400000, guid: 7dbcb32ac63c1417db14f004a3bc73d1, type: 2}
      propertyPath: m_RootOrder
      value: 0
      objectReference: {fileID: 0}
    m_RemovedComponents: []
  m_ParentPrefab: {fileID: 100100000, guid: 7dbcb32ac63c1417db14f004a3bc73d1, type: 2}
  m_RootGameObject: {fileID: 983555229}
  m_IsPrefabParent: 0
  m_IsExploded: 1
--- !u!1 &1596794602
GameObject:
  m_ObjectHideFlags: 0
  m_PrefabParentObject: {fileID: 100008, guid: a13261761437c4bcea48ff64d949e5dc, type: 2}
  m_PrefabInternal: {fileID: 1435325089}
  serializedVersion: 4
  m_Component:
  - 4: {fileID: 1596794603}
  - 114: {fileID: 1596794604}
  m_Layer: 0
  m_Name: Background
  m_TagString: Untagged
  m_Icon: {fileID: 0}
  m_NavMeshLayer: 0
  m_StaticEditorFlags: 0
  m_IsActive: 1
--- !u!4 &1596794603
Transform:
  m_ObjectHideFlags: 0
  m_PrefabParentObject: {fileID: 400008, guid: a13261761437c4bcea48ff64d949e5dc, type: 2}
  m_PrefabInternal: {fileID: 1435325089}
  m_GameObject: {fileID: 1596794602}
  m_LocalRotation: {x: 0, y: 0, z: 0, w: 1}
  m_LocalPosition: {x: 0, y: 0, z: 0}
  m_LocalScale: {x: 1, y: 1, z: 1}
  m_Children:
  - {fileID: 237882735}
  m_Father: {fileID: 156897638}
  m_RootOrder: 0
--- !u!114 &1596794604
MonoBehaviour:
  m_ObjectHideFlags: 0
  m_PrefabParentObject: {fileID: 11400002, guid: a13261761437c4bcea48ff64d949e5dc,
    type: 2}
  m_PrefabInternal: {fileID: 1435325089}
  m_GameObject: {fileID: 1596794602}
  m_Enabled: 1
  m_EditorHideFlags: 0
  m_Script: {fileID: 11500000, guid: 077a69d669f3040e38dbf9e1b4b22f18, type: 3}
  m_Name: 
  m_EditorClassIdentifier: 
  bgRenderer: {fileID: 237882732}
  scrollSpeedX: 0
  scrollSpeedY: .0500000007
--- !u!1 &1778797430
GameObject:
  m_ObjectHideFlags: 0
  m_PrefabParentObject: {fileID: 100004, guid: d3cd844334197453891836edf6b53641, type: 2}
  m_PrefabInternal: {fileID: 203686183}
  serializedVersion: 4
  m_Component:
  - 4: {fileID: 1778797434}
  - 114: {fileID: 1778797433}
  - 65: {fileID: 1778797432}
  - 54: {fileID: 1778797431}
  m_Layer: 0
  m_Name: BottomEdge
  m_TagString: Untagged
  m_Icon: {fileID: 0}
  m_NavMeshLayer: 0
  m_StaticEditorFlags: 0
  m_IsActive: 1
--- !u!54 &1778797431
Rigidbody:
  m_ObjectHideFlags: 0
  m_PrefabParentObject: {fileID: 5400004, guid: d3cd844334197453891836edf6b53641,
    type: 2}
  m_PrefabInternal: {fileID: 203686183}
  m_GameObject: {fileID: 1778797430}
  serializedVersion: 2
  m_Mass: 1
  m_Drag: 0
  m_AngularDrag: .0500000007
  m_UseGravity: 0
  m_IsKinematic: 0
  m_Interpolate: 0
  m_Constraints: 0
  m_CollisionDetection: 0
--- !u!65 &1778797432
BoxCollider:
  m_ObjectHideFlags: 0
  m_PrefabParentObject: {fileID: 6500004, guid: d3cd844334197453891836edf6b53641,
    type: 2}
  m_PrefabInternal: {fileID: 203686183}
  m_GameObject: {fileID: 1778797430}
  m_Material: {fileID: 0}
  m_IsTrigger: 1
  m_Enabled: 1
  serializedVersion: 2
  m_Size: {x: 15.9300003, y: 1, z: 100}
  m_Center: {x: .5, y: 0, z: 0}
--- !u!114 &1778797433
MonoBehaviour:
  m_ObjectHideFlags: 0
  m_PrefabParentObject: {fileID: 11400004, guid: d3cd844334197453891836edf6b53641,
    type: 2}
  m_PrefabInternal: {fileID: 203686183}
  m_GameObject: {fileID: 1778797430}
  m_Enabled: 1
  m_EditorHideFlags: 0
  m_Script: {fileID: 11500000, guid: 0059ab128c2414340a01ecef18b4c9b2, type: 3}
  m_Name: 
  m_EditorClassIdentifier: 
  edgeAxis: 2
  reapearNumber: 464.672089
--- !u!4 &1778797434
Transform:
  m_ObjectHideFlags: 0
  m_PrefabParentObject: {fileID: 400004, guid: d3cd844334197453891836edf6b53641, type: 2}
  m_PrefabInternal: {fileID: 203686183}
  m_GameObject: {fileID: 1778797430}
  m_LocalRotation: {x: 0, y: 0, z: 0, w: 1}
  m_LocalPosition: {x: 7.19999981, y: -7.20250702, z: 2.98750802e-10}
  m_LocalScale: {x: 1.37, y: .960000336, z: 1}
  m_Children: []
  m_Father: {fileID: 2053263996}
  m_RootOrder: 1
--- !u!1 &1838095492
GameObject:
  m_ObjectHideFlags: 0
  m_PrefabParentObject: {fileID: 100006, guid: d3cd844334197453891836edf6b53641, type: 2}
  m_PrefabInternal: {fileID: 203686183}
  serializedVersion: 4
  m_Component:
  - 4: {fileID: 1838095493}
  - 114: {fileID: 1838095496}
  - 65: {fileID: 1838095495}
  - 54: {fileID: 1838095494}
  m_Layer: 0
  m_Name: LeftEdge
  m_TagString: Untagged
  m_Icon: {fileID: 0}
  m_NavMeshLayer: 0
  m_StaticEditorFlags: 0
  m_IsActive: 1
--- !u!4 &1838095493
Transform:
  m_ObjectHideFlags: 0
  m_PrefabParentObject: {fileID: 400006, guid: d3cd844334197453891836edf6b53641, type: 2}
  m_PrefabInternal: {fileID: 203686183}
  m_GameObject: {fileID: 1838095492}
  m_LocalRotation: {x: 0, y: 0, z: .707106829, w: .707106829}
  m_LocalPosition: {x: -3.69000053, y: -.940000117, z: -0}
  m_LocalScale: {x: .710000157, y: 1, z: 1}
  m_Children: []
  m_Father: {fileID: 2053263996}
  m_RootOrder: 3
--- !u!54 &1838095494
Rigidbody:
  m_ObjectHideFlags: 0
  m_PrefabParentObject: {fileID: 5400006, guid: d3cd844334197453891836edf6b53641,
    type: 2}
  m_PrefabInternal: {fileID: 203686183}
  m_GameObject: {fileID: 1838095492}
  serializedVersion: 2
  m_Mass: 1
  m_Drag: 0
  m_AngularDrag: .0500000007
  m_UseGravity: 0
  m_IsKinematic: 0
  m_Interpolate: 0
  m_Constraints: 0
  m_CollisionDetection: 0
--- !u!65 &1838095495
BoxCollider:
  m_ObjectHideFlags: 0
  m_PrefabParentObject: {fileID: 6500006, guid: d3cd844334197453891836edf6b53641,
    type: 2}
  m_PrefabInternal: {fileID: 203686183}
  m_GameObject: {fileID: 1838095492}
  m_Material: {fileID: 0}
  m_IsTrigger: 1
  m_Enabled: 1
  serializedVersion: 2
  m_Size: {x: 17.2800007, y: 1, z: 100}
  m_Center: {x: .5, y: 0, z: 0}
--- !u!114 &1838095496
MonoBehaviour:
  m_ObjectHideFlags: 0
  m_PrefabParentObject: {fileID: 11400006, guid: d3cd844334197453891836edf6b53641,
    type: 2}
  m_PrefabInternal: {fileID: 203686183}
  m_GameObject: {fileID: 1838095492}
  m_Enabled: 1
  m_EditorHideFlags: 0
  m_Script: {fileID: 11500000, guid: 0059ab128c2414340a01ecef18b4c9b2, type: 3}
  m_Name: 
  m_EditorClassIdentifier: 
  edgeAxis: 0
  reapearNumber: 957.01062
--- !u!1001 &2036649980
Prefab:
  m_ObjectHideFlags: 0
  serializedVersion: 2
  m_Modification:
    m_TransformParent: {fileID: 1524038398}
    m_Modifications:
    - target: {fileID: 400000, guid: 58a1ffabd166e4387996cc7e0e59b64b, type: 2}
      propertyPath: m_LocalPosition.x
      value: -2063.61719
      objectReference: {fileID: 0}
    - target: {fileID: 400000, guid: 58a1ffabd166e4387996cc7e0e59b64b, type: 2}
      propertyPath: m_LocalPosition.y
      value: 25.7017822
      objectReference: {fileID: 0}
    - target: {fileID: 400000, guid: 58a1ffabd166e4387996cc7e0e59b64b, type: 2}
      propertyPath: m_LocalPosition.z
      value: 412.706421
      objectReference: {fileID: 0}
    - target: {fileID: 400000, guid: 58a1ffabd166e4387996cc7e0e59b64b, type: 2}
      propertyPath: m_LocalRotation.x
      value: 0
      objectReference: {fileID: 0}
    - target: {fileID: 400000, guid: 58a1ffabd166e4387996cc7e0e59b64b, type: 2}
      propertyPath: m_LocalRotation.y
      value: 0
      objectReference: {fileID: 0}
    - target: {fileID: 400000, guid: 58a1ffabd166e4387996cc7e0e59b64b, type: 2}
      propertyPath: m_LocalRotation.z
      value: 0
      objectReference: {fileID: 0}
    - target: {fileID: 400000, guid: 58a1ffabd166e4387996cc7e0e59b64b, type: 2}
      propertyPath: m_LocalRotation.w
      value: 1
      objectReference: {fileID: 0}
    - target: {fileID: 400000, guid: 58a1ffabd166e4387996cc7e0e59b64b, type: 2}
      propertyPath: m_RootOrder
      value: 2
      objectReference: {fileID: 0}
    - target: {fileID: 100000, guid: 58a1ffabd166e4387996cc7e0e59b64b, type: 2}
      propertyPath: m_Name
      value: gameObjectSpawnPoint
      objectReference: {fileID: 0}
    m_RemovedComponents: []
  m_ParentPrefab: {fileID: 100100000, guid: 58a1ffabd166e4387996cc7e0e59b64b, type: 2}
  m_RootGameObject: {fileID: 578529775}
  m_IsPrefabParent: 0
  m_IsExploded: 1
--- !u!1 &2053263995
GameObject:
  m_ObjectHideFlags: 0
  m_PrefabParentObject: {fileID: 100008, guid: d3cd844334197453891836edf6b53641, type: 2}
  m_PrefabInternal: {fileID: 203686183}
  serializedVersion: 4
  m_Component:
  - 4: {fileID: 2053263996}
  m_Layer: 0
  m_Name: Edges
  m_TagString: Untagged
  m_Icon: {fileID: 0}
  m_NavMeshLayer: 0
  m_StaticEditorFlags: 0
  m_IsActive: 1
--- !u!4 &2053263996
Transform:
  m_ObjectHideFlags: 0
  m_PrefabParentObject: {fileID: 400008, guid: d3cd844334197453891836edf6b53641, type: 2}
  m_PrefabInternal: {fileID: 203686183}
  m_GameObject: {fileID: 2053263995}
  m_LocalRotation: {x: .707106829, y: 0, z: 0, w: .707106829}
  m_LocalPosition: {x: -785.743835, y: -1.92736852, z: 20.0741653}
  m_LocalScale: {x: 100, y: 100, z: 100}
  m_Children:
  - {fileID: 39012139}
  - {fileID: 1778797434}
  - {fileID: 1468563036}
  - {fileID: 1838095493}
  - {fileID: 363164512}
  m_Father: {fileID: 0}
  m_RootOrder: 0
